<record><leader>00000cas a2200000 a 4500</leader><controlfield tag="001">12003554</controlfield><controlfield tag="008">850507d19101921nyuwr ne      0    0heb c</controlfield><datafield ind1=" " ind2=" " tag="010"><subfield code="a">sn2003060363</subfield></datafield><datafield ind1=" " ind2=" " tag="040"><subfield code="a">MSH</subfield><subfield code="b">eng</subfield><subfield code="c">MSH</subfield><subfield code="d">NYS</subfield><subfield code="d">OCLCQ</subfield><subfield code="d">LGG</subfield><subfield code="d">OCLCQ</subfield><subfield code="d">OCLCF</subfield></datafield><datafield ind1="1" ind2=" " tag="029"><subfield code="a">AU@</subfield><subfield code="b">000024659367</subfield></datafield><datafield ind1=" " ind2=" " tag="042"><subfield code="a">pcc</subfield></datafield><datafield ind1=" " ind2=" " tag="043"><subfield code="a">n-us-ny</subfield></datafield><datafield ind1=" " ind2="4" tag="050"><subfield code="a">DS150.R35</subfield><subfield code="b">I87</subfield></datafield><datafield ind1="0" ind2="3" tag="245"><subfield code="a">ha-&#699;Ivri =</subfield><subfield code="b">Haibri = Hebrew weekly.</subfield></datafield><datafield ind1="3" ind2="1" tag="246"><subfield code="a">Haibri</subfield></datafield><datafield ind1="3" ind2="1" tag="246"><subfield code="a">Hebrew weekly</subfield></datafield><datafield ind1=" " ind2=" " tag="260"><subfield code="a">New York :</subfield><subfield code="b">Hebrew Press Association,</subfield><subfield code="c">1910-1921.</subfield></datafield><datafield ind1=" " ind2=" " tag="300"><subfield code="a">11 v. ;</subfield><subfield code="c">29 cm.</subfield></datafield><datafield ind1="0" ind2=" " tag="362"><subfield code="a">Vol. 1 (1910)-v. 11 (Nov. 18, 1921).</subfield></datafield><datafield ind1=" " ind2=" " tag="500"><subfield code="a">"Founded in Berlin in 5671 [1910]."</subfield></datafield><datafield ind1=" " ind2=" " tag="500"><subfield code="a">Editor: Meyer Berlin &lt;1919&gt;</subfield></datafield><datafield ind1=" " ind2=" " tag="546"><subfield code="a">In Hebrew.</subfield></datafield><datafield ind1=" " ind2=" " tag="588"><subfield code="a">Description based on: (6th week) 1916.</subfield></datafield><datafield ind1=" " ind2=" " tag="588"><subfield code="a">Latest issue consulted: Vol. 9, no. 45 (Dec. 26, 1919).</subfield></datafield><datafield ind1=" " ind2="0" tag="650"><subfield code="a">Jews</subfield><subfield code="z">United States</subfield><subfield code="x">History</subfield><subfield code="y">1789-1945.</subfield></datafield><datafield ind1=" " ind2="0" tag="650"><subfield code="a">Jewish newspapers</subfield><subfield code="z">New York (State)</subfield><subfield code="z">New York.</subfield></datafield><datafield ind1=" " ind2="0" tag="651"><subfield code="a">New York (N.Y.)</subfield><subfield code="v">Newspapers.</subfield></datafield><datafield ind1=" " ind2="0" tag="651"><subfield code="a">New York County (N.Y.)</subfield><subfield code="v">Newspapers.</subfield></datafield><datafield ind1=" " ind2="7" tag="655"><subfield code="a">History.</subfield><subfield code="2">fast</subfield><subfield code="0">(OCoLC)fst01411628</subfield></datafield><datafield ind1=" " ind2="7" tag="655"><subfield code="a">Newspapers.</subfield><subfield code="2">fast</subfield><subfield code="0">(OCoLC)fst01423814</subfield></datafield><datafield ind1=" " ind2="7" tag="648"><subfield code="a">1789 - 1945</subfield><subfield code="2">fast</subfield></datafield><datafield ind1=" " ind2="7" tag="650"><subfield code="a">Jewish newspapers.</subfield><subfield code="2">fast</subfield><subfield code="0">(OCoLC)fst00982872</subfield></datafield><datafield ind1=" " ind2="7" tag="650"><subfield code="a">Jews.</subfield><subfield code="2">fast</subfield><subfield code="0">(OCoLC)fst00983135</subfield></datafield><datafield ind1=" " ind2="7" tag="651"><subfield code="a">New York (State)</subfield><subfield code="z">New York.</subfield><subfield code="2">fast</subfield><subfield code="0">(OCoLC)fst01204333</subfield></datafield><datafield ind1=" " ind2="7" tag="651"><subfield code="a">New York (State)</subfield><subfield code="z">New York County.</subfield><subfield code="2">fast</subfield><subfield code="0">(OCoLC)fst01234953</subfield></datafield><datafield ind1=" " ind2="7" tag="651"><subfield code="a">United States.</subfield><subfield code="2">fast</subfield><subfield code="0">(OCoLC)fst01204155</subfield></datafield><datafield ind1=" " ind2=" " tag="752"><subfield code="a">United States</subfield><subfield code="b">New York</subfield><subfield code="c">New York</subfield><subfield code="d">New York.</subfield></datafield></record>